#------------------------------------------------------------------------------------
# Cryptocurrency statistics
#------------------------------------------------------------------------------------

@online{stats_coinmarketcap,
	title        = {{CoinMarketCap}},
	url          = {https://coinmarketcap.com},
	urldate      = {2018-07-29}
}

@online{stats_coinranking,
	title        = {{CoinRanking}},
	url          = {https://coinranking.com},
	urldate      = {2018-07-29}
}

@online{stats_moonstats,
	title        = {Moonstats},
	url          = {https://www.moonstats.com/},
	urldate      = {2018-07-29}
}

@online{stats_coincheckup,
	title        = {{CoinCheckup}},
	url          = {https://coincheckup.com},
	urldate      = {2018-07-29}
}

@online{stats_cryptocompare,
	title        = {{CryptoCompare}},
	url          = {https://www.cryptocompare.com},
	urldate      = {2018-07-29}
}

#------------------------------------------------------------------------------------
# Bitcoin news
#------------------------------------------------------------------------------------

@article{telegraph_2018,
	title        = {{Bitcoin price falls below \$10,000 as dramatic sell-off enters second day}},
	author       = {Titcomb, James},
	date         = {2018-01-17},
	journal      = {The Telegraph},
	url          = {https://www.telegraph.co.uk/technology/2018/01/17/bitcoin-price-falls-10000-dramatic-sell-off-enters-second-day/},
	urldate      = {2018-07-29}
}

@article{bbc_2018,
	title        = {{Bitcoin dips below \$10,000 for first time since December}},
	date         = {2018-01-17},
	journal      = {BBC},
	url          = {https://www.bbc.com/news/technology-42717639},
	urldate      = {2018-07-29}
}

@article{ilsole24ore_2018,
	title        = {{Bitcoin sotto 10mila dollari: -50\% in un mese. Chiude una piattaforma}},
	author       = {Soldavini, Pierangelo},
	date         = {2018-01-17},
	journal      = {Il Sole 24 ORE},
	url          = {http://www.ilsole24ore.com/art/finanza-e-mercati/2018-01-17/bitcoin-quota-10000-dollari-50percento-un-mese-chiude-piattaforma-111939.shtml},
	urldate      = {2018-07-29}
}

#------------------------------------------------------------------------------------
# Bitcoin papers and resources
#------------------------------------------------------------------------------------

@online{bitcoin_2008,
	title        = {{Bitcoin: A Peer-to-Peer Electronic Cash System}},
	author       = {Nakamoto, Satoshi},
	year         = {2009},
	url          = {http://bitcoin.org/bitcoin.pdf},
	urldate      = {2018-07-29}
}

@online{bitcoin_website,
	title        = {{bitcoin}},
	url          = {https://bitcoin.org/en/faq},
	urldate      = {2018-07-29}
}

@article{bitcoin_usage_study_2017,
	title        = {{2017 Global Blockchain Benchmarking Study}},
	author       = {Hileman, Garrick and Rauchs, Michel},
	year         = {2017},
	howpublished = {https://dx.doi.org/10.2139/ssrn.3040224}
}

@book{bitcoin_book_narayanan_2016,
	title        = {Bitcoin and cryptocurrency technologies: a comprehensive introduction},
	author       = {Narayanan, Arvind and Bonneau, Joseph and Felten, Edward and Miller, Andrew and Goldfeder, Steven},
	year         = {2016},
	publisher    = {Princeton University Press},
	howpublished = {http://bitcoinbook.cs.princeton.edu}
}

@online{bitcoin_reference,
	title        = {{Bitcoin Developer Reference}},
	url          = {https://bitcoin.org/en/developer-reference},
	urldate      = {2018-07-29}
}

@online{hash_function_wikipedia,
	title        = {Cryptographic hash function --- {Wikipedia}{,} The Free Encyclopedia},
	author       = {{Wikipedia contributors}},
	year         = {2018},
	url          = {https://en.wikipedia.org/w/index.php?title=Cryptographic_hash_function&oldid=850041198},
	urldate      = {2018-07-29}
}

@online{pow_2002,
	title        = {{Hashcash - A Denial of Service Counter-Measure}},
	author       = {Back, Adam},
	year         = {2002},
	url          = {http://hashcash.org/papers/hashcash.pdf},
	urldate      = {2018-07-29}
}

@inproceedings{merkle_tree_1980,
	title        = {Protocols for public key cryptosystems},
	author       = {Merkle, Ralph C},
	booktitle    = {Security and Privacy, 1980 IEEE Symposium on},
	pages        = {122--122},
	year         = {1980},
	organization = {IEEE},
	howpublished = {https://ieeexplore.ieee.org/abstract/document/6233691/}
}

@article{byzantin_generals_1982,
	title        = {The {Byzantine} generals problem},
	author       = {Lamport, Leslie and Shostak, Robert and Pease, Marshall},
	journal      = {ACM Transactions on Programming Languages and Systems (TOPLAS)},
	volume       = {4},
	number       = {3},
	pages        = {382--401},
	year         = {1982},
	publisher    = {ACM},
	howpublished = {https://dl.acm.org/citation.cfm?id=357176}
}
